<?xml version="1.0" encoding="UTF-8"?><collection xmlns="http://www.loc.gov/MARC21/slim"><record><leader>00410nam--2200133-i-4500</leader><controlfield tag="001">000033475</controlfield><controlfield tag="002">20161230</controlfield><controlfield tag="005">20161230201039</controlfield><controlfield tag="008">060222s1000------------r-----000-0-eng-d</controlfield><datafield ind1=" " ind2=" " tag="080"><subfield code="a">543.53(043)</subfield></datafield><datafield ind1=" " ind2=" " tag="100"><subfield code="a">Mooney, Edward</subfield></datafield><datafield ind1=" " ind2=" " tag="245"><subfield code="a">Neutron activation  studies of the roanoke river system from its head waters to niagara da. thesis</subfield></datafield><datafield ind1=" " ind2=" " tag="260"><subfield code="a">Ann Arbor, Michigan, Univ.Micr., 1972, Vii + 97p</subfield></datafield><datafield ind1=" " ind2=" " tag="852"><subfield code="a">41270</subfield></datafield></record></collection>